@article{saxena2008,
    year={2008},
    issn={0920-5691},
    journal={International Journal of Computer Vision},
    volume={76},
    issue={1},
    doi={10.1007/s11263-007-0071-y},
    title={3-D Depth Reconstruction from a Single Still Image},
    url={http://dx.doi.org/10.1007/s11263-007-0071-y},
    publisher={Springer US},
    keywords={Monocular vision; Learning depth; 3D reconstruction; Dense reconstruction; Markov random field; Depth estimation; Monocular depth; Stereo vision; Hand-held camera; Visual modeling},
    author={Saxena, Ashutosh and Chung, SungH. and Ng, AndrewY.},
    pages={53-69},
    language={English}
}
@INPROCEEDINGS{scharstein2003, 
    author={Scharstein, D. and Szeliski, R.}, 
    booktitle={Computer Vision and Pattern Recognition, 2003. Proceedings. 2003 IEEE Computer Society Conference on}, title={High-accuracy stereo depth maps using structured light}, 
    year={2003}, 
    month={june}, 
    volume={1}, 
    number={}, 
    pages={ I-195 - I-202 vol.1}, 
    keywords={Calibration;Digital cameras;Educational institutions;Image databases;Layout;Light sources;Lighting;Pixel;Stereo vision;Testing; cameras; computer vision; image texture; stereo image processing; disparity computation; high-accuracy stereo depth map; high-complexity stereo image pair acquisition; illumination projector; image acquisition; light source calibration; pixel-accurate correspondence information; range sensing system; registered disparity map; stereo algorithm evaluation; stereo data set; structured light;}, 
    doi={10.1109/CVPR.2003.1211354}, 
    ISSN={1063-6919},
}
@INPROCEEDINGS{thrun2005, 
    author={Thrun, S. and Wegbreit, B.}, 
    booktitle={Computer Vision, 2005. ICCV 2005. Tenth IEEE International Conference on}, title={Shape from symmetry}, 
    year={2005}, 
    month={oct.}, 
    volume={2}, 
    number={}, 
    pages={1824 -1831 Vol. 2}, 
    keywords={Cameras;Computer vision;Geometry;Image databases;Image reconstruction;Image segmentation;Optical reflection;Shape;Stereo vision;Surface reconstruction;image reconstruction;image segmentation;surface reconstruction;3D range images;3D shape model;object segmentation;occluded surface reconstruction;}, 
    doi={10.1109/ICCV.2005.221}, 
    ISSN={1550-5499},
}
@article{maki2002,
    year={2002},
    issn={0920-5691},
    journal={International Journal of Computer Vision},
    volume={48},
    issue={2},
    doi={10.1023/A:1016057422703},
    title={Geotensity: Combining Motion and Lighting for 3D Surface Reconstruction},
    url={http://dx.doi.org/10.1023/A%3A1016057422703},
    publisher={Kluwer Academic Publishers},
    keywords={geotensity; linear image subspaces; structure-from-motion; surface reconstruction},
    author={Maki, Atsuto and Watanabe, Mutsumi and Wiles, Charles},
    pages={75-90},
    language={English},
}
@incollection{li2012,
    year={2012},
    isbn={978-3-642-35748-0},
    booktitle={Trends and Topics in Computer Vision},
    volume={6553},
    series={Lecture Notes in Computer Science},
    editor={Kutulakos, KiriakosN.},
    doi={10.1007/978-3-642-35749-7_6},
    title={A Generic Model to Compose Vision Modules for Holistic Scene Understanding},
    url={http://dx.doi.org/10.1007/978-3-642-35749-7_6},
    publisher={Springer Berlin Heidelberg},
    author={Li, Congcong and Kowdle, Adarsh and Saxena, Ashutosh and Chen, Tsuhan},
    pages={70-85},
}
@article{jiang2012,
    author = {Jiang, Yun and Lim, Marcus and Zheng, Changxi and Saxena, Ashutosh},
    title = {Learning to place new objects in a scene},
    journal = {Int. J. Rob. Res.},
    issue_date = {August    2012},
    volume = {31},
    number = {9},
    month = aug,
    year = {2012},
    issn = {0278-3649},
    pages = {1021--1043},
    numpages = {23},
    url = {http://dx.doi.org/10.1177/0278364912438781},
    doi = {10.1177/0278364912438781},
    acmid = {2344879},
    publisher = {Sage Publications, Inc.},
    address = {Thousand Oaks, CA, USA},
    keywords = {Learning and adaptive systems, cognitive robotics, manipulation, range sensing, sensing and perception computer vision},
}
@article{loomis01,
    author = {Loomis, Jack M.},
    title = {Looking down is looking up},
    journal = {Nature News and Views, 414},
    year = {2001},
    pages = {155-156}
}
@book{schwartz99,
    author = {Schwartz, S. H.},
    title = {Visual Perception},
    year = {1999},
    edition = {2nd},
    publisher = {Connnecticut: Appleton and Lange}
}
@book{Forsyth:2002:CVM:580035,
    author = {Forsyth, David A. and Ponce, Jean},
    title = {Computer Vision: A Modern Approach},
    year = {2002},
    isbn = {0130851981},
    publisher = {Prentice Hall Professional Technical Reference},
}
@INPROCEEDINGS{michels05,
    author = {Jeff Michels and Ashutosh Saxena and Andrew Y. Ng},
    title = {High speed obstacle avoidance using monocular vision and reinforcement learning},
    booktitle = {In ICML},
    year = {2005},
    pages = {593--600}
}
@book{davies04,
    author = {Davies, E. R.},
    title = {Machine Vision: Theory, Algorithms, Practicalities},
    year = {2004},
    isbn = {0122060938},
    publisher = {Morgan Kaufmann Publishers Inc.},
    address = {San Francisco, CA, USA},
} 